@book{ Leja-Funkcje-zespolone-Pub-2006,
  author =	 {Franciszek Leja},
  title =	 {Funkcje zespolone},
  publisher =	 {Wydawnictwo Naukowe PWN},
  address =	 {Warszawa},
  year =	 2006,
  edition =	 {VI},
}