@book{ Maurin-Analiza-Vol-I-Pub-1974,
  author =	 {Krzysztof Maurin},
  title =	 {Analiza. Część~I: Elementy},
  publisher =	 {Państwowe Wydawnictwo Naukowe},
  address =	 {Warszawa},
  year =	 1974,
  edition =	 {III},
  series =	 {Biblioteka Matematyczna},
  number =	 38,
}