@book{ Fichtenholz-Rachunek-rozniczkowy-ETC-Vol-I-Pub-2005,
  author =	 {Grigorij Michajłowicz Fichtenholz},
  title =	 {Rachunek różniczkowy i~całkowy. Tom~I},
  publisher =	 {Wydawnictwo Naukowe PWN},
  address =	 {Warszawa},
  year =	 2005,
  volume =	 {I},
  edition =	 {XII~-- trzeci dodruk},
  note =	 {Tłum. Ryszard Bittner, Bolesław Gleichgewicht,
                  Tadeusz Huskowski},
}



@book{ Fichtenholz-Rachunek-rozniczkowy-ETC-Vol-II-Pub-2004,
  author =	 {Grigorij Michajłowicz Fichtenholz},
  title =	 {Rachunek różniczkowy i~całkowy},
  publisher =	 {Wydawnictwo Naukowe PWN},
  address =	 {Warszawa},
  year =	 2004,
  volume =	 {II},
  edition =	 {XII~-- drugi dodruk},
  note =	 {Tłum. Abraham Goetz, Lucjan Szamkołowicz, Bolesław
                  Gleichgewicht, Tadeusz Huskowski, Edward Piegat},
}